<record><leader>00000cas a22000007a 4500</leader><controlfield tag="001">14202421</controlfield><controlfield tag="008">860910d18731967lauwr ne      0    0eng d</controlfield><datafield ind1=" " ind2=" " tag="010"><subfield code="a">sn 86053690 </subfield></datafield><datafield ind1=" " ind2=" " tag="040"><subfield code="a">NPX</subfield><subfield code="b">eng</subfield><subfield code="c">NPX</subfield><subfield code="d">PPM</subfield><subfield code="d">LNP</subfield><subfield code="d">OCLCQ</subfield></datafield><datafield ind1=" " ind2=" " tag="042"><subfield code="a">msc</subfield></datafield><datafield ind1="0" ind2="4" tag="245"><subfield code="a">The Catahoula news.</subfield></datafield><datafield ind1=" " ind2=" " tag="260"><subfield code="a">Harrisonburg, La. :</subfield><subfield code="b">D.H. Gibson</subfield></datafield><datafield ind1=" " ind2=" " tag="300"><subfield code="a">v.</subfield></datafield><datafield ind1=" " ind2=" " tag="310"><subfield code="a">Weekly</subfield></datafield><datafield ind1="1" ind2=" " tag="362"><subfield code="a">Began in 1873; ceased in Sept. 1967?</subfield></datafield><datafield ind1=" " ind2=" " tag="500"><subfield code="a">Editor: J.N. Luce, &lt;1876&gt;.</subfield></datafield><datafield ind1=" " ind2=" " tag="588"><subfield code="a">Description based on: Vol. 3, no. 39 (Aug. 8, 1876).</subfield></datafield><datafield ind1=" " ind2=" " tag="752"><subfield code="a">United States</subfield><subfield code="b">Louisiana</subfield><subfield code="c">Catahoula</subfield><subfield code="d">Harrisonburg.</subfield></datafield><datafield ind1="0" ind2="0" tag="780"><subfield code="t">Independent (Harrisonburg, La.)</subfield><subfield code="w">(DLC)sn 88064150</subfield></datafield><datafield ind1="0" ind2="7" tag="785"><subfield code="t">Booster (Jonesville, La.)</subfield><subfield code="w">(DLC)sn 88064151</subfield></datafield><datafield ind1="0" ind2="7" tag="785"><subfield code="t">Catahoula news-booster</subfield><subfield code="w">(DLC)sn 88064152</subfield></datafield><datafield ind1="1" ind2=" " tag="029"><subfield code="a">AU@</subfield><subfield code="b">000025794047</subfield></datafield></record>